% this is the bibliography file

@book{linnetarch,
  author  =      {Klaus Wehrle and Frank Pahlke and Hartmut Ritter and Daniel Muller and Marc Bechler},
  title =	 {Linux Networking Architecture},
  month =        {August},
  year =         {2004},
  publisher =    {Prentice Hall}
}

@book{ulinuxnetinternals,
  author =	 {Christian Benvenuti},
  title =        {Understanding Linux Network Internals},
  month =        {December},
  year =         {2005},
  publisher =    {O'Reilly Media}
}

@article{thesis,
  author =	 "Octavian Purdil\u{a} and Lucian Grijicu and Nicolate \c{T}\u{a}pu\c{s}",
  title =        "LKL - The Linux Kernel Library",
  year =         {2010},
  journal =      {Proceedings for the 9th RoEduNet IEEE International Conference}
}

@book{lkd,
  author =	 {Robert Love},
  title =        {Linux Kernel Development Second Edition},
  month =        {June},
  year =         {2005},
  publisher =    {Novell Press}
}

@booklet{netlinksockets,
  author =	 {Neil Horman},
  title =        {Understanding And Programming With Netlink Sockets},
  month =        {December},
  year =         {2004},
}
